
@book{lee_accelerator_2011,
	address = {Singapore},
	edition = {3},
	title = {Accelerator {Physics}},
	isbn = {978-981-4374-94-1 978-981-4374-95-8},
	url = {http://www.worldscientific.com/worldscibooks/10.1142/8335},
	language = {en},
	urldate = {2016-08-22},
	publisher = {WORLD SCIENTIFIC},
	author = {Lee, S Y},
	month = nov,
	year = {2011}
}

@misc{ezura_beam-dynamics_2008,
	title = {Beam-{Dynamics} {View} of {RF} {Phase} {Adjustment} for {Synchronizing} {J}-{PARC} {RCS} with {MR} or {MLF}},
	url = {http://ccdb5fs.kek.jp/tiff/2008/0826/0826001.pdf},
	urldate = {2016-08-23},
	publisher = {KEK Internal},
	author = {Ezura, Eizi and YOSHII, Masahito and TAMURA, Fumihiko and SCHNASE, Alexander},
	year = {2008},
	file = {[PDF] kek.jp:C\:\\Users\\Gilgil\\AppData\\Roaming\\Zotero\\Zotero\\Profiles\\y25mftub.default\\zotero\\storage\\VBW3QNJJ\\Ezura et al. - 2008 - Beam-Dynamics View of RF Phase Adjustment for Sync.pdf:application/pdf}
}

@article{spiller_fair_2006,
	title = {The {FAIR} accelerator project at {GSI}},
	volume = {561},
	url = {http://www.sciencedirect.com/science/article/pii/S0168900206000507},
	number = {2},
	urldate = {2016-08-19},
	journal = {Nuclear Instruments and Methods in Physics Research Section A: Accelerators, Spectrometers, Detectors and Associated Equipment},
	author = {Spiller, P. and Franchetti, G.},
	year = {2006},
	pages = {305--309},
	file = {Snapshot:C\:\\Users\\Gilgil\\AppData\\Roaming\\Zotero\\Zotero\\Profiles\\y25mftub.default\\zotero\\storage\\PZSEBC8N\\S0168900206000507.html:text/html}
}

@inproceedings{kester_status_2014,
	title = {Status of the {FAIR} accelerator facility},
	booktitle = {this conf. {WEPRO}060},
	author = {Kester, O. and Barth, W. and Dolinskyy, O. and Hagenbuck, F. and Knie, K. and Reich-Sprenger, H. and Simon, H. and Spiller, P. J. and Weinrich, U. and Winkler, M. and {others}},
	year = {2014},
	file = {[PDF] cern.ch:C\:\\Users\\Gilgil\\AppData\\Roaming\\Zotero\\Zotero\\Profiles\\y25mftub.default\\zotero\\storage\\B79WDNFJ\\Kester et al. - 2014 - Status of the FAIR accelerator facility.pdf:application/pdf}
}

@article{beck_new_2012,
	title = {The new {White} {Rabbit} based timing system for the {FAIR} facility},
	url = {http://accelconf.web.cern.ch/Accelconf/pcapac2012/papers/fria01.pdf},
	urldate = {2016-08-23},
	journal = {Proceedings of PCaPAC2012, Kolkata, India},
	author = {Beck, Dietrich and Bar, R. and Kreider, Mathias and Prados, Cesar and Rauch, Stefan and Terpstra, Wesley and Zweig, Marcus},
	year = {2012},
	file = {[PDF] cern.ch:C\:\\Users\\Gilgil\\AppData\\Roaming\\Zotero\\Zotero\\Profiles\\y25mftub.default\\zotero\\storage\\RQMPHJGC\\Beck et al. - 2012 - The new White Rabbit based timing system for the F.pdf:application/pdf}
}

@article{hoffmann_fesafront-end_2008,
	title = {{FESA}–{The} front-{End} {Software} architecture at {FAIR}},
	url = {http://accelconf.web.cern.ch/AccelConf/pc08/papers/wep007.pdf},
	urldate = {2016-08-23},
	journal = {PCaPAC08},
	author = {Hoffmann, T.},
	year = {2008},
	file = {[PDF] cern.ch:C\:\\Users\\Gilgil\\AppData\\Roaming\\Zotero\\Zotero\\Profiles\\y25mftub.default\\zotero\\storage\\5XXC5KX9\\Hoffmann - 2008 - FESA–The front-End Software architecture at FAIR.pdf:application/pdf}
}

@article{klingbeil_new_2011,
	title = {New digital low-level rf system for heavy-ion synchrotrons},
	volume = {14},
	issn = {1098-4402},
	url = {http://link.aps.org/doi/10.1103/PhysRevSTAB.14.102802},
	doi = {10.1103/PhysRevSTAB.14.102802},
	language = {en},
	number = {10},
	urldate = {2016-08-19},
	journal = {Physical Review Special Topics - Accelerators and Beams},
	author = {Klingbeil, Harald and Laier, Ulrich and Ningel, Klaus-Peter and Schäfer, Stefan and Thielmann, Christof and Zipfel, Bernhard},
	month = oct,
	year = {2011}
}

@article{moritz_butisdevelopment_2006,
	title = {{BuTiS}–{Development} of a {Bunchphase} {Timing} {System}},
	volume = {2007},
	url = {http://citeseerx.ist.psu.edu/viewdoc/download?doi=10.1.1.162.1765&rep=rep1&type=pdf},
	urldate = {2016-08-23},
	journal = {GSI Scientific Report},
	author = {Moritz, Peter},
	year = {2006},
	file = {[PDF] psu.edu:C\:\\Users\\Gilgil\\AppData\\Roaming\\Zotero\\Zotero\\Profiles\\y25mftub.default\\zotero\\storage\\3246D6PG\\Moritz - 2006 - BuTiS–Development of a Bunchphase Timing System.pdf:application/pdf}
}

@article{zipfel_recent_2011,
	title = {Recent {Progress} on the {Technical} {Realization} of the {Bunch} {Phase} {Timing} {System} {BuTiS}},
	url = {http://accelconf.web.cern.ch/accelconf/ipac2011/papers/mopc145.pdf},
	urldate = {2016-08-23},
	journal = {Proc. IPAC},
	author = {Zipfel, B. and Moritz, P. and {others}},
	year = {2011},
	pages = {418--420},
	file = {[PDF] cern.ch:C\:\\Users\\Gilgil\\AppData\\Roaming\\Zotero\\Zotero\\Profiles\\y25mftub.default\\zotero\\storage\\2IDXXPQS\\Zipfel et al. - 2011 - Recent Progress on the Technical Realization of th.pdf:application/pdf}
}